@article{forbes,
  title={Phone Addiction Is Real -- And So Are Its Mental Health Risks},
  author={Walton, Alice G.},
  url={http://www.forbes.com/sites/alicegwalton/2017/12/11/phone-addiction-is-real-and-so-are-its-mental-health-risks/#3d28023913df.
},
  year={2017},
  note = {Accessed: 2018-01-11}
}
